@article{YY79,
  author = "山上 一郎 and 山下 二郎",
  title = "パラメトリック増幅器",
  journal = "信学論（B）",
  volume =  "J62-B",
  number = 1,
  pages = "20-27",
  month = 1,
  year = 1979
}

@inproceedings{RWG64,
  author = "W. Rice and A.C. Wine and B.D. Grain",
  title = "Diffusion of Impurities during Epitaxy",
  booktitle = "Proc. IEEE",
  volume = 52,
  number = 3,
  pages = "284-290",
  month = 3,
  year = 1964
}

@book{Y89,
  author = "山田 太郎",
  editor = "木村 次郎",
  title = "移動通信",
  publisher = "（社）電子情報通信学会",
  address = "東京",
  year = 1989
}

@book{TON90,
  author = "Howell Tong",
  title = "Nonlinear Time Series: A Dynamical System Approach",
  editor = "J.B. Elsner",
  publisher = "Oxford University Press",
  address = "Oxford",
  year = 1990
}

@incollection{YA89,
  author = "山田 太郎",
  title = "周波数の有効利用",
  booktitle = "移動通信",
  editor = "木村 次郎",
  pages = "21-41",
  publisher = "（社）電子情報通信学会",
  address = "東京",
  year = 1989
}

@incollection{HSR72,
  author = "Haldan Kefer Hartline and A.B. Smith and Floyd Ratlliff",
  title = "Inhibitory Interaction in the Retina",
  booktitle = "Handbook of Sensory Physiology",
  editor = "M.G.F. Fuortes",
  pages = "381-390",
  publisher = "Springer-Verlag",
  address = "Berlin",
  year = 1972
}

@inproceedings{YMI90,
  author = "Y. Yamamoto and S. Machida and K. Igeta",
  title = "Micro-cavity Semiconductors with Enhanced Spontaneous Emission",
  booktitle = "Proc. 16th European Conf. on Opt. Commun.",
  number = "MoF4.6",
  pages = "3-13",
  address = "Amsterdam, The Netherlands",
  month = 9,
  year = 1990
}

@article{KK95,
  author = "川上 三郎 and 川口 四郎",
  title = "紫外域半導体レーザ",
  journal = "1995信学全大",
  volume = "分冊2",
  number = "SB2-1",
  pages = "20-21",
  month = 9,
  year = 1995
}

@article{KK79,
  author = "川上 三郎 and 川口 四郎",
  title = "紫外域半導体レーザ",
  journal = "通信大学テクニカルレポート",
  volume = "J62-B",
  number = 1,
  pages = "20-27",
  month= 1,
  year = 1979,
  note = "（オンライン）\<，入手先〈http:/\slash www.ieice.org\slash tech\slash paper.pdf〉（参照2007-11-30）\<"
}

@webpage{ieice,
  publisher = "電子情報通信学会",
  title = "和文論文誌 投稿のしおり",
  website = "信学会",
  url = "http:/\slash www.ieice.org\slash jpn\slash shiori\slash iss\_mokuji.html",
  refdate = "2008-12-11"
}

@webpage{ieice2,
  author = "著作権管理委員会",
  title = "本会出版物（技術研究報告以外）に掲載された論文等の著作権の利用申請基準",
  website = "電子情報通信学会",
  url = "http:/\slash www.ieice.org\slash jpn\slash about\slash kitei\slash files\slash chosaku\_hyou3.pdf",
  refdate = "2009-8-3"
}

@webpage{latex,
  author = "尾関 基行",
  title = "LaTeXのインストールと使い方 for Windows",
  url = "http:/\slash www.ii.is.kit.ac.jp\slash ozeki\slash tex/",
  refdate = "2009-11-18"
}

@misc{rfc1945,
  author="T. Berners-Lee and R. Fielding and H. Frystyk",
  title="{Hypertext Transfer Protocol -- HTTP/1.0}",
  howpublished="RFC 1945",
  organization="Internet Engineering Task Force",
  year=1996,
  month=may
}

